@article{wang-2015,
  title={Scaling it up: Stochastic search structure learning in graphical models},
  author={Wang, Hao},
  journal={Bayesian Analysis},
  volume={10},
  number={2},
  pages={351--377},
  year={2015},
  publisher={International Society for Bayesian Analysis}
}
@article{limcco-2017,
  title={An expectation conditional maximization approach for Gaussian graphical models},
  author={Li and McCormick},
  journal={Journal of Computational and Graphical Statistics},
  volume={28},
  number={4},
  pages={767--777},
  year={2019},
  publisher={Taylor \& Francis}
}
@article{luke2017,
  title={Bayesian joint modeling of multiple brain functional networks},
  author={Lukemire, Joshua and Kundu, Suprateek and Pagnoni, Giuseppe and Guo, Ying},
  journal={Journal of the American Statistical Association},
  volume={116},
  number={534},
  pages={518--530},
  year={2021},
  publisher={Taylor \& Francis}
}

@article{huge2020,
  title={The huge package for high-dimensional undirected graph estimation in R},
  author={Zhao, Tuo and Liu, Han and Roeder, Kathryn and Lafferty, John and Wasserman, Larry},
  journal={The Journal of Machine Learning Research},
  volume={13},
  number={1},
  pages={1059--1062},
  year={2012},
  publisher={JMLR. org}
}

@article{mein2006,
  title={High-dimensional graphs and variable selection with the lasso},
  author={Meinshausen, Nicolai and B{\"u}hlmann, Peter},
  journal={The annals of statistics},
  volume={34},
  number={3},
  pages={1436--1462},
  year={2006},
  publisher={Institute of Mathematical Statistics}
}

@article{HyperInverseWRovera2002,
  title={Hyper inverse Wishart distribution for non-decomposable graphs and its application to Bayesian inference for Gaussian graphical models},
  author={Roverato, Alberto},
  journal={Scandinavian Journal of Statistics},
  volume={29},
  number={3},
  pages={391--411},
  year={2002},
  publisher={Wiley Online Library}
}

@article{cami2022,
  title={Scalable multiple network inference with the joint graphical horseshoe},
  author={Lingj{\ae}rde, Camilla and Fairfax, Benjamin P and Richardson, Sylvia and Ruffieux, H{\'e}l{\`e}ne},
  journal={arXiv preprint arXiv:2206.11820},
  year={2022}
}

@inproceedings{limm2018,
  title={Bayesian joint spike-and-slab graphical lasso},
  author={Li and Mccormick, Tyler and Clark, Samuel},
  booktitle={International Conference on Machine Learning},
  pages={3877--3885},
  year={2019},
  organization={PMLR}
}

@article{yunf2019,
  title={The graphical horseshoe estimator for inverse covariance matrices},
  author={Li and Craig, Bruce A and Bhadra, Anindya},
  journal={Journal of Computational and Graphical Statistics},
  volume={28},
  number={3},
  pages={747--757},
  year={2019},
  publisher={Taylor \& Francis}
}
